<record><leader>00000cas a22000007a 4500</leader><controlfield tag="001">9825238</controlfield><controlfield tag="008">830819d18821882ksuwr ne      0    0eng d</controlfield><controlfield tag="009">3789</controlfield><datafield ind1=" " ind2=" " tag="010"><subfield code="a">sn 83040460 </subfield></datafield><datafield ind1=" " ind2=" " tag="040"><subfield code="a">KSH</subfield><subfield code="b">eng</subfield><subfield code="c">KSH</subfield><subfield code="d">NPT</subfield></datafield><datafield ind1="1" ind2=" " tag="029"><subfield code="a">AU@</subfield><subfield code="b">000025797029</subfield></datafield><datafield ind1=" " ind2=" " tag="042"><subfield code="a">msc</subfield></datafield><datafield ind1=" " ind2=" " tag="043"><subfield code="a">n-us-ks</subfield></datafield><datafield ind1="0" ind2=" " tag="130"><subfield code="a">El Dorado eagle (El Dorado, Kan. : Nov. 1882)</subfield></datafield><datafield ind1="0" ind2="4" tag="245"><subfield code="a">The El Dorado eagle.</subfield></datafield><datafield ind1=" " ind2=" " tag="260"><subfield code="a">El Dorado, Kan. :</subfield><subfield code="b">E.A. Davis,</subfield><subfield code="c">1882.</subfield></datafield><datafield ind1=" " ind2=" " tag="300"><subfield code="a">1 v. ;</subfield><subfield code="c">55 cm.</subfield></datafield><datafield ind1=" " ind2=" " tag="310"><subfield code="a">Weekly</subfield></datafield><datafield ind1="0" ind2=" " tag="362"><subfield code="a">Vol. 3, no. 14 (Nov. 9, 1882)-v. 3, no. 20 (Dec. 21, 1882).</subfield></datafield><datafield ind1=" " ind2=" " tag="500"><subfield code="a">"National Labor."</subfield></datafield><datafield ind1=" " ind2=" " tag="500"><subfield code="a">Published on Thursday.</subfield></datafield><datafield ind1=" " ind2=" " tag="500"><subfield code="a">Editor: E.A. Davis.</subfield></datafield><datafield ind1="1" ind2=" " tag="700"><subfield code="a">Davis, E. A.</subfield></datafield><datafield ind1=" " ind2=" " tag="752"><subfield code="a">United States</subfield><subfield code="b">Kansas</subfield><subfield code="c">Butler</subfield><subfield code="d">El Dorado.</subfield></datafield><datafield ind1="0" ind2="0" tag="780"><subfield code="t">El Dorado eagle and free politician</subfield><subfield code="w">(DLC)sn 83040459</subfield></datafield><datafield ind1="0" ind2="0" tag="785"><subfield code="t">Davis' El Dorado eagle</subfield><subfield code="w">(DLC)sn 83040461</subfield></datafield></record>